@book{prorgrammingInScala3rd,
  title={Programming in Scala, 3rd Edition},
  author={Martin Odersky and Lex Spoon and Bill Venners},
  year={2016},
  publisher={Artima}
}

@book{functionalProgrammingInScala,
  title={Functional Programming in Scala},
  author={Paul Chiusano and RÃºnar Bjarnason},
  year={2015},
  publisher={Manning}
}

@book{highPerformanceProgramming,
  title={Scala High Performance Programming},
  author={Vincent Theron and Michael Diamant},
  year={2016},
  publisher={Packt}
}

@online{scalaAPI,
  title = {Scala API v2.12},
  url = {https://www.scala-lang.org/files/archive/api/2.12.x},
  urldate = {2020-01-03}
}

@online{scalaCollections,
  title = {Scala Collections v2.8-2.12},
  url = {https://docs.scala-lang.org/overviews/collections/},
  urldate = {2020-02-12}
}

@online{tourOfScala,
  title = {Tour of Scala},
  url = {https://docs.scala-lang.org/tour/tour-of-scala.html},
  urldate = {2020-01-03}
}

@book{scalaForTheImpatient,
  title={Scala for the Impatient, 2nd Edition},
  author={Cay Horstmann},
  year={2017},
  publisher={Addison-Wesley Professional}
}

@book{programmingLanguagePragmatics,
   title =     {Programming Language Pragmatics, 4th Edition},
   author =    {Michael L. Scott},
   year =      {2015},
   publisher = {Morgan Kaufmann}
}

@book{principlesAndParadigms,
   title =     {Programming Languages: Principles and Paradigms},
   author =    {Maurizio Gabbrielli and Simone Martini},
   year =      {2010},
   publisher = {Springer}
}

@online{haoyiBenchmark,
  title = {Benchmarking Scala Collections},
  author = {Li Hayoi},
  year = 2016,
  url = {http://www.lihaoyi.com/post/BenchmarkingScalaCollections.html},
  urldate = {2020-02-18}
}

@online{hobsonBenchmark,
  title = {Scala Collections Performance},
  author = {Toby Hobson},
  year = 2016,
  url = {https://www.tobyhobson.com/posts/scala/collections-performance/},
  urldate = {2020-02-18}
}